
% Andrews & Martini (2013)
@ARTICLE{Andrews2013,
       author = {{Andrews}, Brett H. and {Martini}, Paul},
        title = "{The Mass-Metallicity Relation with the Direct Method on Stacked Spectra of SDSS Galaxies}",
      journal = {\apj},
     keywords = {galaxies: abundances, galaxies: evolution, galaxies: general, galaxies: ISM, galaxies: stellar content, ISM: abundances, Astrophysics - Cosmology and Nongalactic Astrophysics},
         year = 2013,
        month = mar,
       volume = {765},
       number = {2},
          eid = {140},
        pages = {140},
          doi = {10.1088/0004-637X/765/2/140},
archivePrefix = {arXiv},
       eprint = {1211.3418},
 primaryClass = {astro-ph.CO},
       adsurl = {https://ui.adsabs.harvard.edu/abs/2013ApJ...765..140A},
      adsnote = {Provided by the SAO/NASA Astrophysics Data System}
}

% Badenes et al. (2018)
@ARTICLE{Badenes2018,
       author = {{Badenes}, Carles and {Mazzola}, Christine and {Thompson}, Todd A. and {Covey}, Kevin and {Freeman}, Peter E. and {Walker}, Matthew G. and {Moe}, Maxwell and {Troup}, Nicholas and {Nidever}, David and {Allende Prieto}, Carlos and {Andrews}, Brett and {Barb{\'a}}, Rodolfo H. and {Beers}, Timothy C. and {Bovy}, Jo and {Carlberg}, Joleen K. and {De Lee}, Nathan and {Johnson}, Jennifer and {Lewis}, Hannah and {Majewski}, Steven R. and {Pinsonneault}, Marc and {Sobeck}, Jennifer and {Stassun}, Keivan G. and {Stringfellow}, Guy S. and {Zasowski}, Gail},
        title = "{Stellar Multiplicity Meets Stellar Evolution and Metallicity: The APOGEE View}",
      journal = {\apj},
     keywords = {binaries: close, binaries: spectroscopic, stars: evolution, stars: fundamental parameters, Astrophysics - Solar and Stellar Astrophysics},
         year = 2018,
        month = feb,
       volume = {854},
       number = {2},
          eid = {147},
        pages = {147},
          doi = {10.3847/1538-4357/aaa765},
archivePrefix = {arXiv},
       eprint = {1711.00660},
 primaryClass = {astro-ph.SR},
       adsurl = {https://ui.adsabs.harvard.edu/abs/2018ApJ...854..147B},
      adsnote = {Provided by the SAO/NASA Astrophysics Data System}
}

% Baldry et al. (2012)
@ARTICLE{Baldry2012,
       author = {{Baldry}, I.~K. and {Driver}, S.~P. and {Loveday}, J. and {Taylor}, E.~N. and {Kelvin}, L.~S. and {Liske}, J. and {Norberg}, P. and {Robotham}, A.~S.~G. and {Brough}, S. and {Hopkins}, A.~M. and {Bamford}, S.~P. and {Peacock}, J.~A. and {Bland-Hawthorn}, J. and {Conselice}, C.~J. and {Croom}, S.~M. and {Jones}, D.~H. and {Parkinson}, H.~R. and {Popescu}, C.~C. and {Prescott}, M. and {Sharp}, R.~G. and {Tuffs}, R.~J.},
        title = "{Galaxy And Mass Assembly (GAMA): the galaxy stellar mass function at z < 0.06}",
      journal = {\mnras},
     keywords = {galaxies: distances and redshifts, galaxies: fundamental parameters, galaxies: luminosity function, mass function, Astrophysics - Cosmology and Nongalactic Astrophysics},
         year = 2012,
        month = mar,
       volume = {421},
       number = {1},
        pages = {621-634},
          doi = {10.1111/j.1365-2966.2012.20340.x},
archivePrefix = {arXiv},
       eprint = {1111.5707},
 primaryClass = {astro-ph.CO},
       adsurl = {https://ui.adsabs.harvard.edu/abs/2012MNRAS.421..621B},
      adsnote = {Provided by the SAO/NASA Astrophysics Data System}
}

% Bell et al. (2003)
@ARTICLE{Bell2003,
       author = {{Bell}, Eric F. and {McIntosh}, Daniel H. and {Katz}, Neal and {Weinberg}, Martin D.},
        title = "{The Optical and Near-Infrared Properties of Galaxies. I. Luminosity and Stellar Mass Functions}",
      journal = {\apjs},
     keywords = {Galaxies: Evolution, Galaxies: General, Galaxies: Luminosity Function, Mass Function, Galaxies: Stellar Content, Astrophysics},
         year = 2003,
        month = dec,
       volume = {149},
       number = {2},
        pages = {289-312},
          doi = {10.1086/378847},
archivePrefix = {arXiv},
       eprint = {astro-ph/0302543},
 primaryClass = {astro-ph},
       adsurl = {https://ui.adsabs.harvard.edu/abs/2003ApJS..149..289B},
      adsnote = {Provided by the SAO/NASA Astrophysics Data System}
}

% Brown et al. (2019)
@ARTICLE{Brown2019,
       author = {{Brown}, J.~S. and {Stanek}, K.~Z. and {Holoien}, T.~W. -S. and {Kochanek}, C.~S. and {Shappee}, B.~J. and {Prieto}, J.~L. and {Dong}, S. and {Chen}, P. and {Thompson}, Todd A. and {Beacom}, J.~F. and {Stritzinger}, M.~D. and {Bersier}, D. and {Brimacombe}, J.},
        title = "{The relative specific Type Ia supernovae rate from three years of ASAS-SN}",
      journal = {\mnras},
     keywords = {catalogues, supernovae: general, galaxies: general, Astrophysics - Astrophysics of Galaxies, Astrophysics - High Energy Astrophysical Phenomena},
         year = 2019,
        month = apr,
       volume = {484},
       number = {3},
        pages = {3785-3796},
          doi = {10.1093/mnras/stz258},
archivePrefix = {arXiv},
       eprint = {1810.00011},
 primaryClass = {astro-ph.GA},
       adsurl = {https://ui.adsabs.harvard.edu/abs/2019MNRAS.484.3785B},
      adsnote = {Provided by the SAO/NASA Astrophysics Data System}
}

% Gandhi et al. (2022)
@ARTICLE{Gandhi2022,
       author = {{Gandhi}, Pratik. J. and {Wetzel}, Andrew and {Hopkins}, Philip F. and {Shappee}, Benjamin J. and {Wheeler}, Coral and {Faucher-Gigu{\`e}re}, Claude-Andr{\'e}},
        title = "{Exploring metallicity-dependent rates of Type Ia supernovae and their impact on galaxy formation}",
      journal = {arXiv e-prints},
     keywords = {Astrophysics - Astrophysics of Galaxies},
         year = 2022,
        month = feb,
          eid = {arXiv:2202.10477},
        pages = {arXiv:2202.10477},
archivePrefix = {arXiv},
       eprint = {2202.10477},
 primaryClass = {astro-ph.GA},
       adsurl = {https://ui.adsabs.harvard.edu/abs/2022arXiv220210477G},
      adsnote = {Provided by the SAO/NASA Astrophysics Data System}
}

% Hopkins et al. (2018)
@ARTICLE{Hopkins2018,
       author = {{Hopkins}, Philip F. and {Wetzel}, Andrew and {Kere{\v{s}}}, Du{\v{s}}an and {Faucher-Gigu{\`e}re}, Claude-Andr{\'e} and {Quataert}, Eliot and {Boylan-Kolchin}, Michael and {Murray}, Norman and {Hayward}, Christopher C. and {Garrison-Kimmel}, Shea and {Hummels}, Cameron and {Feldmann}, Robert and {Torrey}, Paul and {Ma}, Xiangcheng and {Angl{\'e}s-Alc{\'a}zar}, Daniel and {Su}, Kung-Yi and {Orr}, Matthew and {Schmitz}, Denise and {Escala}, Ivanna and {Sanderson}, Robyn and {Grudi{\'c}}, Michael Y. and {Hafen}, Zachary and {Kim}, Ji-Hoon and {Fitts}, Alex and {Bullock}, James S. and {Wheeler}, Coral and {Chan}, T.~K. and {Elbert}, Oliver D. and {Narayanan}, Desika},
        title = "{FIRE-2 simulations: physics versus numerics in galaxy formation}",
      journal = {\mnras},
     keywords = {methods: numerical, stars: formation, galaxies: active, galaxies: evolution, galaxies: formation, cosmology: theory, Astrophysics - Astrophysics of Galaxies, Astrophysics - Cosmology and Nongalactic Astrophysics, Astrophysics - Instrumentation and Methods for Astrophysics},
         year = 2018,
        month = oct,
       volume = {480},
       number = {1},
        pages = {800-863},
          doi = {10.1093/mnras/sty1690},
archivePrefix = {arXiv},
       eprint = {1702.06148},
 primaryClass = {astro-ph.GA},
       adsurl = {https://ui.adsabs.harvard.edu/abs/2018MNRAS.480..800H},
      adsnote = {Provided by the SAO/NASA Astrophysics Data System}
}

% Kistler et al. (2013)
@ARTICLE{Kistler2013,
       author = {{Kistler}, Matthew D. and {Stanek}, K.~Z. and {Kochanek}, Christopher S. and {Prieto}, Jos{\'e} L. and {Thompson}, Todd A.},
        title = "{The Impact of Metallicity on the Rate of Type Ia Supernovae}",
      journal = {\apj},
     keywords = {binaries: close, supernovae: general, white dwarfs, Astrophysics - Cosmology and Extragalactic Astrophysics},
         year = 2013,
        month = jun,
       volume = {770},
       number = {2},
          eid = {88},
        pages = {88},
          doi = {10.1088/0004-637X/770/2/88},
archivePrefix = {arXiv},
       eprint = {1106.3115},
 primaryClass = {astro-ph.CO},
       adsurl = {https://ui.adsabs.harvard.edu/abs/2013ApJ...770...88K},
      adsnote = {Provided by the SAO/NASA Astrophysics Data System}
}

% Majewski et al. (2017)
@ARTICLE{Majewski2017,
       author = {{Majewski}, Steven R. and {Schiavon}, Ricardo P. and {Frinchaboy}, Peter M. and {Allende Prieto}, Carlos and {Barkhouser}, Robert and {Bizyaev}, Dmitry and {Blank}, Basil and {Brunner}, Sophia and {Burton}, Adam and {Carrera}, Ricardo and {Chojnowski}, S. Drew and {Cunha}, K{\'a}tia and {Epstein}, Courtney and {Fitzgerald}, Greg and {Garc{\'\i}a P{\'e}rez}, Ana E. and {Hearty}, Fred R. and {Henderson}, Chuck and {Holtzman}, Jon A. and {Johnson}, Jennifer A. and {Lam}, Charles R. and {Lawler}, James E. and {Maseman}, Paul and {M{\'e}sz{\'a}ros}, Szabolcs and {Nelson}, Matthew and {Nguyen}, Duy Coung and {Nidever}, David L. and {Pinsonneault}, Marc and {Shetrone}, Matthew and {Smee}, Stephen and {Smith}, Verne V. and {Stolberg}, Todd and {Skrutskie}, Michael F. and {Walker}, Eric and {Wilson}, John C. and {Zasowski}, Gail and {Anders}, Friedrich and {Basu}, Sarbani and {Beland}, Stephane and {Blanton}, Michael R. and {Bovy}, Jo and {Brownstein}, Joel R. and {Carlberg}, Joleen and {Chaplin}, William and {Chiappini}, Cristina and {Eisenstein}, Daniel J. and {Elsworth}, Yvonne and {Feuillet}, Diane and {Fleming}, Scott W. and {Galbraith-Frew}, Jessica and {Garc{\'\i}a}, Rafael A. and {Garc{\'\i}a-Hern{\'a}ndez}, D. An{\'\i}bal and {Gillespie}, Bruce A. and {Girardi}, L{\'e}o and {Gunn}, James E. and {Hasselquist}, Sten and {Hayden}, Michael R. and {Hekker}, Saskia and {Ivans}, Inese and {Kinemuchi}, Karen and {Klaene}, Mark and {Mahadevan}, Suvrath and {Mathur}, Savita and {Mosser}, Beno{\^\i}t and {Muna}, Demitri and {Munn}, Jeffrey A. and {Nichol}, Robert C. and {O'Connell}, Robert W. and {Parejko}, John K. and {Robin}, A.~C. and {Rocha-Pinto}, Helio and {Schultheis}, Matthias and {Serenelli}, Aldo M. and {Shane}, Neville and {Silva Aguirre}, Victor and {Sobeck}, Jennifer S. and {Thompson}, Benjamin and {Troup}, Nicholas W. and {Weinberg}, David H. and {Zamora}, Olga},
        title = "{The Apache Point Observatory Galactic Evolution Experiment (APOGEE)}",
      journal = {\aj},
     keywords = {Galaxy: abundances, Galaxy: evolution, Galaxy: formation, Galaxy: kinematics and dynamics, Galaxy: stellar content, Galaxy: structure, Astrophysics - Instrumentation and Methods for Astrophysics, Astrophysics - Astrophysics of Galaxies},
         year = 2017,
        month = sep,
       volume = {154},
       number = {3},
          eid = {94},
        pages = {94},
          doi = {10.3847/1538-3881/aa784d},
archivePrefix = {arXiv},
       eprint = {1509.05420},
 primaryClass = {astro-ph.IM},
       adsurl = {https://ui.adsabs.harvard.edu/abs/2017AJ....154...94M},
      adsnote = {Provided by the SAO/NASA Astrophysics Data System}
}

% Mannucci et al. (2005)
@ARTICLE{Mannucci2005,
       author = {{Mannucci}, F. and {Della Valle}, M. and {Panagia}, N. and {Cappellaro}, E. and {Cresci}, G. and {Maiolino}, R. and {Petrosian}, A. and {Turatto}, M.},
        title = "{The supernova rate per unit mass}",
      journal = {\aap},
     keywords = {stars: supernovae: general, infrared: galaxies, Astrophysics},
         year = 2005,
        month = apr,
       volume = {433},
       number = {3},
        pages = {807-814},
          doi = {10.1051/0004-6361:20041411},
archivePrefix = {arXiv},
       eprint = {astro-ph/0411450},
 primaryClass = {astro-ph},
       adsurl = {https://ui.adsabs.harvard.edu/abs/2005A&A...433..807M},
      adsnote = {Provided by the SAO/NASA Astrophysics Data System}
}

% Moe, Kratter & Badenes (2019)
@ARTICLE{Moe2019,
       author = {{Moe}, Maxwell and {Kratter}, Kaitlin M. and {Badenes}, Carles},
        title = "{The Close Binary Fraction of Solar-type Stars Is Strongly Anticorrelated with Metallicity}",
      journal = {\apj},
     keywords = {binaries: close, binaries: eclipsing, binaries: spectroscopic, stars: abundances, stars: formation, stars: solar-type, Astrophysics - Solar and Stellar Astrophysics, Astrophysics - Astrophysics of Galaxies},
         year = 2019,
        month = apr,
       volume = {875},
       number = {1},
          eid = {61},
        pages = {61},
          doi = {10.3847/1538-4357/ab0d88},
archivePrefix = {arXiv},
       eprint = {1808.02116},
 primaryClass = {astro-ph.SR},
       adsurl = {https://ui.adsabs.harvard.edu/abs/2019ApJ...875...61M},
      adsnote = {Provided by the SAO/NASA Astrophysics Data System}
}

